<record><leader>00000cas a22000007a 4500</leader><controlfield tag="001">20613765</controlfield><controlfield tag="008">891108d18931925mouwr ne      0    0eng d</controlfield><datafield ind1=" " ind2=" " tag="010"><subfield code="a">sn 89067134 </subfield></datafield><datafield ind1=" " ind2=" " tag="040"><subfield code="a">MQN</subfield><subfield code="b">eng</subfield><subfield code="c">MQN</subfield><subfield code="d">OCLCQ</subfield></datafield><datafield ind1=" " ind2=" " tag="042"><subfield code="a">msc</subfield></datafield><datafield ind1="0" ind2="0" tag="245"><subfield code="a">Dunklin democrat.</subfield></datafield><datafield ind1=" " ind2=" " tag="260"><subfield code="a">Kennett, Dunklin County, Mo. :</subfield><subfield code="b">Dunklin County Pub. Co.,</subfield><subfield code="c">1893-1925.</subfield></datafield><datafield ind1=" " ind2=" " tag="300"><subfield code="a">v.</subfield></datafield><datafield ind1=" " ind2=" " tag="310"><subfield code="a">Weekly</subfield></datafield><datafield ind1="0" ind2=" " tag="362"><subfield code="a">Vol. 6, no. 13 (June 22, 1893)-v. 37, no. 46 (Jan. 2, 1925).</subfield></datafield><datafield ind1=" " ind2=" " tag="752"><subfield code="a">United States</subfield><subfield code="b">Missouri</subfield><subfield code="c">Dunklin</subfield><subfield code="d">Kennett.</subfield></datafield><datafield ind1="0" ind2="0" tag="780"><subfield code="t">Kennett clipper</subfield><subfield code="w">(DLC)sn 89067302</subfield></datafield><datafield ind1="0" ind2="0" tag="785"><subfield code="t">Twice-a-week Dunklin democrat</subfield><subfield code="w">(DLC)sn 89067135</subfield></datafield></record>